@article{Binder1981,
  author = {Binder, K.},
  title = {Finite size scaling analysis of ising model block distribution functions},
  journal = {Zeitschrift Für Physik B Condensed Matter},
  volume = {xx},
  number = {xx},
  pages = {xx},
  year = {1981}
}

@book{Cardy1996,
  author = {Cardy, J.},
  title = {Scaling and Renormalization in Statistical Physics},
  year = {1996},
  publisher = {Cambridge University Press}
}

@book{Chandler1987,
  author = {Chandler, D.},
  title = {Introduction to Modern Statistical Mechanics},
  year = {1987},
  publisher = {Oxford University Press},
  address = {New York}
}

@article{Ertaş2014,
  author = {Ertaş, M. and Kantar, E. and Keskin, M.},
  title = {Dynamic behaviors of spin-1/2 bilayer system within Glauber-type stochastic dynamics based on the effective-field theory},
  journal = {Journal of Magnetism and Magnetic Materials},
  volume = {xx},
  pages = {xx},
  year = {2014}
}

@article{Heine2021,
  author = {Heine, M. and Hellman, O. and Broido, D.},
  title = {Temperature-dependent renormalization of magnetic interactions by thermal, magnetic, and lattice disorder from first principles},
  journal = {Physical Review B},
  volume = {xx},
  number = {xx},
  pages = {xx},
  year = {2021}
}

@thesis{Jufrin2015,
  author = {Jufrin, M.},
  title = {Sifat Kritis Model Magnetik Simetri Polyhedral pada Kisi Segitiga (Triangular)},
  type = {Skripsi},
  institution = {Departemen Fisika, Fakultas Matematika dan Ilmu Pengetahuan Alam, Universitas Hasanuddin},
  address = {Makassar},
  year = {2015}
}

@book{Nishimori2011,
  author = {Nishimori, H. and Ortiz, G.},
  title = {Elements of phase transitions and critical phenomena},
  year = {2011},
  publisher = {Oxford University Press}
}

@book{Pathria2001,
  author = {Pathria, R. K.},
  title = {Statistical Mechanics},
  edition = {2nd},
  year = {1996},
  publisher = {Butterworth-Heinemann},
  address = {Oxford}
}

@phdthesis{Scepka2016,
  author = {Ščepka, T.},
  title = {Noninvasive control of magnetic state in ferromagnetic nanodots by Hall probe magnetometry},
  school = {Slovak University of Technology in Bratislava},
  year = {2016},
  type = {Dissertation Thesis}
}

@unpublished{Surungan2011,
  author = {Surungan, T.},
  title = {Fisika Statistik},
  year = {2011},
  note = {Departemen Fisika Universitas Hasanuddin, Makassar}
}

@article{Surungan2017,
  author = {Surungan, T. and Okabe, Y.},
  title = {Study of spin models with polyhedral symmetry on square lattice},
  journal = {arXiv preprint},
  year = {2017}
}

@article{Surungan2008,
  author = {Surungan, T. and Kawashima, N. and Okabe, Y.},
  title = {Critical properties of the edge-cubic spin model on a square lattice},
  journal = {Physical Review B},
  volume = {xx},
  pages = {xx},
  year = {2008}
}

@thesis{Sutiono2013,
  author = {Sutiono, A.},
  title = {Studi Perubahan Fase Model Magnetik Spin Kubik pada Struktur Kisi Berlapis},
  type = {Skripsi Sarjana},
  institution = {Program Studi Fisika, Fakultas Matematika dan Ilmu Pengetahuan Alam, Universitas Hasanuddin},
  address = {Makassar},
  year = {2013}
}

@article{Tokura2019,
  author = {Tokura, Y. and Yasuda, K. and Tsukazaki, A.},
  title = {Magnetic topological insulators},
  journal = {Nature Reviews Physics},
  volume = {xx},
  number = {xx},
  pages = {xx},
  year = {2019}
}

@article{Ueda2017,
  author = {Ueda, H. and Okunishi, K. and Krčmár, R. and Gendiar, A. and Yunoki, S. and Nishino, T.},
  title = {Critical behavior of the two-dimensional icosahedron model},
  journal = {Physical Review E},
  volume = {xx},
  number = {xx},
  pages = {xx},
  year = {2017}
}

@thesis{Yesiana2021,
  author = {Yesiana, E.},
  title = {Studi Sifat Kritis Model Jam 6-Keadaan Antiferomagnet pada Kisi 2 Dimensi menggunakan Algoritma Wang-Landau},
  type = {Skripsi},
  institution = {Departemen Fisika, Fakultas Matematika dan Ilmu Pengetahuan Alam, Universitas Hasanuddin},
  address = {Makassar},
  year = {2021}
}

@article{Yunita2022,
  author = {Yunita, S. and Rahmat, R. and Surungan, T.},
  title = {Phase diagram of the dodecahedron spin model on square lattice with diluted bonds},
  journal = {Journal of Physics: Conference Series},
  volume = {xx},
  number = {xx},
  year = {2022}
} 